%inproceedings{
%  % Required fields:
%  author       = {},
%  title        = {},
%  booktitle    = {},
%  year         = {},
%  % Optional fields:
%  editor       = {},
%  volume       = {}, % or number
%  number       = {},
%  series       = {},
%  pages        = {},
%  address      = {},
%  month        = {},
%  organization = {},
%  publisher    = {},
%  note         = {}
%}



@article{Singh2014,
author = {Singh, Aneesha and Klapper, Annina and Jia, Jinni},
file = {:C$\backslash$:/Users/ovieira/Documents/IST/Artigos/Singh et al (2014).pdf:pdf},
isbn = {9781450324731},
journal = {CHI '14 Proceedings of the SIGCHI Conference on Human Factors in Computing Systems},
pages = {2803--2812},
title = {{Motivating people with chronic pain to do physical activity: opportunities for technology design}},
url = {http://dl.acm.org/citation.cfm?id=2557268},
year = {2014}
}

@article{Gama2012,
author = {Gama, Alana Da and Chaves, Thiago and Figueiredo, Lucas and Teichrieb, Veronica},
doi = {10.1109/SVR.2012.15},
file = {:C$\backslash$:/Users/ovieira/Documents/IST/Artigos/06297576.pdf:pdf},
isbn = {978-1-4673-1929-4},
journal = {2012 14th Symposium on Virtual and Augmented Reality},
keywords = {rehabilitation},
month = may,
pages = {191--200},
publisher = {Ieee},
title = {{Guidance and Movement Correction Based on Therapeutics Movements for Motor Rehabilitation Support Systems}},
url = {http://ieeexplore.ieee.org/lpdocs/epic03/wrapper.htm?arnumber=6297576},
year = {2012}
}






%%EXEMPLOS da rita

@INPROCEEDINGS{improveHumanRelationships,
author={Bartolomé, N.A. and Zorrilla, A.M. and Zapirain, B.G.},
title={A serious game to improve human relationships in patients with neuro-psychological disorders},
booktitle={Games Innovations Conference (ICE-GIC), 2010 International IEEE Consumer Electronics Society's},
year={2010},
month={Dec},
pages={1-5},
keywords={computer games;medical computing;multimedia computing;neurophysiology;social sciences computing;Serious Games;Wiimote;human relationships;multimedia application;neuro-psychological disorders;neurological development disabilities;patients;social skills;Conferences;Databases;Games;IEEE Consumer Electronics Society;Neuromuscular;Pediatrics;Psychology;Attention Deficit Disorder;Evaluation;Treatment;serious game},
doi={10.1109/ICEGIC.2010.5716881}
}

@ARTICLE{assistiveTechnologyForCognition,
author={LoPresti, E.F. and Bodine, C. and Lewis, C.},
journal={Engineering in Medicine and Biology Magazine, IEEE},
title={Assistive technology for cognition [Understanding the Needs of Persons with Disabilities]},
year={2008},
volume={27},
number={2},
pages={29-39},
keywords={cognition;handicapped aids;assistive technology;cognition;cognitive disability;design process;information processing;mental tasks;planning;Alzheimer's disease;Autism;Capacity planning;Cognition;Educational institutions;Intrusion detection;Natural languages;Process design;Security;Technology planning;Biomedical Engineering;Cognition Disorders;Equipment Design;Equipment Failure Analysis;Humans;Self-Help Devices;Technology Assessment, Biomedical},
doi={10.1109/EMB.2007.907396},
ISSN={0739-5175}
}


@incollection{usingVideogamesInSpecialEducation,
year={2007},
isbn={978-3-540-75866-2},
booktitle={Computer Aided Systems Theory – EUROCAST 2007},
volume={4739},
series={Lecture Notes in Computer Science},
editor={Moreno Díaz, Roberto and Pichler, Franz and Quesada Arencibia, Alexis},
doi={10.1007/978-3-540-75867-9_46},
title={Using Videogames in Special Education},
url={http://dx.doi.org/10.1007/978-3-540-75867-9_46},
publisher={Springer Berlin Heidelberg},
keywords={video games; autism; interaction systems; learning tools; multiple intelligences; stimulus equivalences; communication systems},
author={González, José Luis and Cabrera, Marcelino J. and Gutiérrez, Francisco L.},
pages={360-367}
}


@incollection{designingSeriousGamesForAdultStudentsWithCognitiveDisabilities,
year={2012},
isbn={978-3-642-34477-0},
booktitle={Neural Information Processing},
volume={7666},
series={Lecture Notes in Computer Science},
editor={Huang, Tingwen and Zeng, Zhigang and Li, Chuandong and Leung, ChiSing},
doi={10.1007/978-3-642-34478-7_73},
title={Designing Serious Games for Adult Students with Cognitive Disabilities},
url={http://dx.doi.org/10.1007/978-3-642-34478-7_73},
publisher={Springer Berlin Heidelberg},
keywords={accessibility; digital games; eAdventure; education; e-Learning; Game-Based Learning; social inclusion},
author={Torrente, Javier and Blanco, Angel and Moreno-Ger, Pablo and Fernandez-Manjon, Baltasar},
pages={603-610}
}

@article{employmentAdultsAutism,
year={1991},
issn={0162-3257},
journal={Journal of Autism and Developmental Disorders},
volume={21},
number={2},
doi={10.1007/BF02284763},
title={Brief report: Competitive employment of adults with autism},
url={http://dx.doi.org/10.1007/BF02284763},
publisher={Kluwer Academic Publishers-Plenum Publishers},
author={Burt, DianaB. and Fuller, S.Paige and Lewis, KayR.},
pages={237-242},
language={English}
}

@book{censosINE,
author={INE},
title={Resultados Definitivos Censos 2001 - Portugal, Instituto Nacional de Estatística},
year={2002},
publisher={INE},
address={Lisboa}
}

@article{artigoINE,
year={2003},
journal={Revista de Estudos Demográficos},
number={33},
title={Enquadramento familiar das pessoas com deficiência : uma análise exploratória dos resultados dos Censos 2001},
url={http://www.ine.pt/xportal/xmain?xpid=INE&xpgid=ine_publicacoes&PUBLICACOESpub_boui=378572&PUBLICACOESmodo=2&xlang=pt},
publisher={INE},
author={Gonçalves, Cristina},
pages={69-96},
language={Portuguese}
}


@article{computerAcessible,
 author = {Robertson, Gretchen L. and Hix, Deborah},
 title = {Making the Computer Accessible to Mentally Retarded Adults},
 journal = {Commun. ACM},
 issue_date = {April 2002},
 volume = {45},
 number = {4},
 month = apr,
 year = {2002},
 issn = {0001-0782},
 pages = {171--183},
 numpages = {13},
 url = {http://doi.acm.org/10.1145/505248.506006},
 doi = {10.1145/505248.506006},
 acmid = {506006},
 publisher = {ACM},
 address = {New York, NY, USA}
}

@article{seriousGames,
author = {Tiffany Barnes and L. Miguel Encarnacao and Christopher D. Shaw},
title = {Serious Games},
journal ={IEEE Computer Graphics and Applications},
volume = {29},
number = {2},
issn = {0272-1716},
year = {2009},
pages = {18-19},
doi = {http://doi.ieeecomputersociety.org/10.1109/MCG.2009.29},
publisher = {IEEE Computer Society},
address = {Los Alamitos, CA, USA}
}

@INPROCEEDINGS{GOET, 
author={Lanyi, C.S. and Brown, D.J. and Standen, P. and Lewis, J. and Butkute, V. and Drozdik, D.}, 
booktitle={Cognitive Infocommunications (CogInfoCom), 2011 2nd International Conference on}, 
title={GOET European project of serious games for students with intellectual disability}, 
year={2011}, 
month={July}, 
pages={1-6}, 
keywords={computer aided instruction;computer games;handicapped aids;EU Leonardo Transfer of Innovation Project;GOET European project;Game On Extra Time project;disabled student;games-based learning;intellectual disability;learning disability;sensory impairment;serious game;Dairy products;Games;Testing;Three dimensional displays;Usability;User interfaces;intellectual disability;serious games;user interface testing}
}

@INPROCEEDINGS{speechDisorderChildren,
author={Cagatay, M. and Ege, P. and Tokdemir, G. and Cagiltay, N.E.},
booktitle={Health Informatics and Bioinformatics (HIBIT), 2012 7th International Symposium on},
title={A serious game for speech disorder children therapy},
year={2012},
month={April},
pages={18-23},
keywords={computer games;medical computing;patient treatment;3D game environment;corporate management;education;edutainment;entertainment;healthcare;language therapy;military;public policy;rehabilitation process;serious game;speech disorder children therapy;speech therapy;treatment process;Computers;Education;Games;Medical treatment;Speech;Three dimensional displays;Visualization},
doi={10.1109/HIBIT.2012.6209036}
}

@INPROCEEDINGS{tailoringSeriousGames,
author={Hussaan, A.M. and Sehaba, K. and Mille, A.},
booktitle={Advanced Learning Technologies (ICALT), 2011 11th IEEE International Conference on},
title={Tailoring Serious Games with Adaptive Pedagogical Scenarios: A Serious Game for Persons with Cognitive Disabilities},
year={2011},
month={July},
pages={486-490},
keywords={cognition;computational linguistics;computer based training;computer games;knowledge representation;teaching;CLES;adaptive pedagogical scenarios;children diagnosis;cognitive and linguistic element stimulation;cognitive disabilities;knowledge representation;serious game;training;Adaptation models;Adaptive systems;Computers;Education;Games;Generators;Solid modeling;adaptive scenario;handicap;serious games;user profile;users' interaction trace},
doi={10.1109/ICALT.2011.152},
ISSN={2161-3761}
}

@INPROCEEDINGS{incorporatinSeriousGamesClassroom,
author={Saridaki, M. and Mourlas, C.},
booktitle={Games and Virtual Worlds for Serious Applications (VS-GAMES), 2011 Third International Conference on},
title={Incorporating Serious Games in the Classroom of Students with Intellectual Disabilities and the Role of the Educator},
year={2011},
month={May},
pages={180-181},
keywords={computer aided instruction;computer games;handicapped aids;classroom;educator;intellectual disabilities;serious games;students;Education;Games;Serious games;games based teaching;intellectual disability;motivation;role of the educator},
doi={10.1109/VS-GAMES.2011.35}
}

@INPROCEEDINGS{firstAidASD,
author={de Urturi, Z.S. and Zorrilla, A.M. and Zapirain, B.G.},
booktitle={Computer Games (CGAMES), 2011 16th International Conference on},
title={Serious Game based on first aid education for individuals with Autism Spectrum Disorder (ASD) using android mobile devices},
year={2011},
month={July},
pages={223-227},
keywords={biomedical education;computer aided instruction;computer games;first aid;medical disorders;neurophysiology;operating system kernels;ASD;Android mobile devices;Android operating system;autism spectrum disorder;first aid education;mobile phones;multimedia application;serious game;tablets;Autism;Databases;Education;Games;Smart phones;Variable speed drives;Android;First Aid Education;Serious Games for health;autism;database;smartphones;tablets},
doi={10.1109/CGAMES.2011.6000343}
}

@INPROCEEDINGS{psychologySeriousGame,
author={Szczesna, A. and Grudzinski, J. and Grudzinski, T. and Mikuszewski, R. and Debowski, A.},
booktitle={Serious Games and Applications for Health (SeGAH), 2011 IEEE 1st International Conference on},
title={The psychology serious game prototype for preschool children},
year={2011},
month={Nov},
pages={1-4},
keywords={computer games;patient treatment;psychology;Mission-Master Your Fear game;computer games;preschool children;psychology serious game prototype;specialist scenario;therapeutic goal;Animals;Games;Pediatrics;Prototypes;Psychology;Three dimensional displays;serious games in psychology;therapeutic goals},
doi={10.1109/SeGAH.2011.6165435}
}

@INPROCEEDINGS{learningGamesChildren,
author={Saleh, M.S. and Aljaam, J.M. and Karime, A. and Elsaddik, A.},
booktitle={Information Technology Based Higher Education and Training (ITHET), 2012 International Conference on},
title={Learning games for children with intellectual challenges},
year={2012},
month={June},
pages={1-5},
keywords={computer aided instruction;computer games;entertainment;handicapped aids;multimedia computing;teaching;children;counting teaching;educational tutorial;edutainment games;fruit teaching;healthy food teaching;home object teaching;intellectual challenge;learning games;memorization skills;multimedia element;proactivity;vegetable teaching;virtual gift;Color;Education;Games;Multimedia communication;Pediatrics;Tutorials;Assistive Technology;Educational Software;Edutainment games;Tutorials for special needs},
doi={10.1109/ITHET.2012.6246027}
}

@article{educationalBenefits, 
title={The educational benefits of videogames},
volume={20},
url={http://sheu.org.uk/sites/sheu.org.uk/files/imagepicker/1/eh203mg.pdf},
number={3},
journal={Education and Health},
author={Dr Mark Griffiths},
year={2002},
pages={47--51}
}

@book{DSM-IV,
	author = {{American Psychiatric Association}},
    edition = {4th},
    howpublished = {Paperback},
    isbn = {0890420254},
    keywords = {medicine},
    publisher = {American Psychiatric Association},
    title = {{Diagnostic and Statistical Manual of Mental Disorders (DSM-IV-TR)}},
    year = {2000}
}

@INPROCEEDINGS{interactiveSpeechGames,
author={Alqahtani, A. and Jaafar, N. and Alfadda, N.},
booktitle={Current Trends in Information Technology (CTIT), 2011 International Conference and Workshop on},
title={Interactive speech based games for autistic children with Asperger Syndrome},
year={2011},
month={Oct},
pages={126-131},
keywords={computer games;handicapped aids;human computer interaction;speech-based user interfaces;ISBG;asperger syndrome;autistic children;interactive speech based games;mental abilities;physical abilities;Autism;Computers;Engines;Games;Servers;Speech;Speech recognition;AI;Asperger Syndrome;ISBG;PECS system;Puzzle game;multimodal application},
doi={10.1109/CTIT.2011.6107947}
}

@INPROCEEDINGS{totalChallenge,
author={Martins, T. and Carvalho, V. and Soares, F. and Moreira, M.F.},
booktitle={Serious Games and Applications for Health (SeGAH), 2011 IEEE 1st International Conference on},
title={Serious game as a tool to intellectual disabilities therapy: Total challenge},
year={2011},
month={Nov},
pages={1-7},
keywords={computer games;health care;medical computing;patient treatment;health care;intellectual disabilities therapy;patient decision-making time;patient evolution;patient knowledge application capacity;patient learning capacity;patient memory;patient observation capacity;reward system;serious game;Decision making;Education;Games;Internet;Materials;Medical treatment;Monitoring;intellectual disabilities;serious game;therapy},
doi={10.1109/SeGAH.2011.6165444}
}

@article{mobileLearningiOS,
 author = {Fern\'{a}ndez-L\'{o}pez, \'{A}lvaro and Rodr\'{\i}guez-F\'{o}rtiz, Mar\'{\i}a Jos{\'e} and Rodr\'{\i}guez-Almendros, Mar\'{\i}a Luisa and Mart\'{\i}nez-Segura, Mar\'{\i}a Jos{\'e}},
 title = {Mobile Learning Technology Based on iOS Devices to Support Students with Special Education Needs},
 journal = {Comput. Educ.},
 issue_date = {February, 2013},
 volume = {61},
 month = feb,
 year = {2013},
 issn = {0360-1315},
 pages = {77--90},
 numpages = {14},
 url = {http://dx.doi.org/10.1016/j.compedu.2012.09.014},
 doi = {10.1016/j.compedu.2012.09.014},
 acmid = {2401339},
 publisher = {Elsevier Science Ltd.},
 address = {Oxford, UK, UK},
 keywords = {Authoring tools and methods, Computer-mediated communication, Evaluation of CAL systems, Interactive learning environments, Multimedia/hypermedia systems}
} 

@article{computerGraphicsApplications,
 author = {Vera, Lucia and Campos, Ruben and Herrera, Gerardo and Romero, Cristina},
 title = {Computer Graphics Applications in the Education Process of People with Learning Difficulties},
 journal = {Comput. Graph.},
 issue_date = {August, 2007},
 volume = {31},
 number = {4},
 month = aug,
 year = {2007},
 issn = {0097-8493},
 pages = {649--658},
 numpages = {10},
 url = {http://dx.doi.org/10.1016/j.cag.2007.03.003},
 doi = {10.1016/j.cag.2007.03.003},
 acmid = {1290298},
 publisher = {Pergamon Press, Inc.},
 address = {Elmsford, NY, USA},
 keywords = {01.50.-i, 01.50.H, 01.50.ht, Computer graphics, Learning difficulties, Special education, Virtual reality}
} 

@article{fragileX,
title = {Psychiatric symptoms in boys with fragile X syndrome: A comparison with nonsyndromic autism spectrum disorder},
journal = {Research in Developmental Disabilities},
volume = {35},
number = {5},
pages = {1072 - 1086},
year = {2014},
note = {},
issn = {0891-4222},
doi = {http://dx.doi.org/10.1016/j.ridd.2014.01.032},
url = {http://www.sciencedirect.com/science/article/pii/S0891422214000560},
author = {Angela John Thurman and Andrea McDuffie,and Randi Hagerman and Leonard Abbeduto}
}

@inproceedings{GOET2,
  title={Design of serious games for students with intellectual disability},
  author={Lanyi, Cecilia Sik and Brown, David Joseph},
  booktitle={Proceedings of the 2010 international conference on Interaction Design \& International Development},
  pages={44--54},
  year={2010},
  organization={British Computer Society}
}

@article{usingiPodsandiPads,
title = {Using iPods® and iPads® in teaching programs for individuals with developmental disabilities: A systematic review},
journal = {Research in Developmental Disabilities},
volume = {34},
number = {1},
pages = {147 - 156},
year = {2013},
issn = {0891-4222},
doi = {http://dx.doi.org/10.1016/j.ridd.2012.07.027},
url = {http://www.sciencedirect.com/science/article/pii/S0891422212001941},
author = {Debora M. Kagohara and Larah van der Meer and Sathiyaprakash Ramdoss and Mark F. O’Reilly and Giulio E. Lancioni and Tonya N. Davis and Mandy Rispoli and Russell Lang and Peter B. Marschik and Dean Sutherland and Vanessa A. Green and Jeff Sigafoos},
keywords = {Developmental disabilities},
keywords = {Teaching programs},
keywords = {iPod®},
keywords = {iPad®},
keywords = {Systematic review}
}

@INPROCEEDINGS{learnPads,
author={Karime, A. and Al-Osman, Hussein and Gueaieb, Wail and Alja'am, Jihad Mohamad and El-Saddik, A.},
booktitle={Multimedia and Expo (ICME), 2011 IEEE International Conference on},
title={Learn-pads: A mathematical exergaming system for children's physical and mental well-being},
year={2011},
month={July},
pages={1-6},
keywords={Edutainment;Exergaming;Multimedia;Tangible user interface},
doi={10.1109/ICME.2011.6011852},
ISSN={1945-7871}
}

@article{magicStick,
year={2012},
issn={1380-7501},
journal={Multimedia Tools and Applications},
volume={59},
number={3},
doi={10.1007/s11042-011-0768-3},
title={RFID-based interactive multimedia system for the children},
url={http://dx.doi.org/10.1007/s11042-011-0768-3},
publisher={Springer US},
keywords={RFID; Interactive multimedia system; Edutainment},
author={Karime, Ali and Hossain, M.Anwar and Rahman, A.S.M.Mahfujur and Gueaieb, Wail and Alja’am, JihadMohamed and El Saddik, Abdulmotaleb},
pages={749-774},
language={English}
}

@INPROCEEDINGS{semioticInspection,
author={Brandao, A. and Trevisan, D.G. and Brandao, L. and Moreira, B. and Nascimento, G. and Vasconcelos, C.N. and Clua, E. and Mourao, P.},
booktitle={Games and Digital Entertainment (SBGAMES), 2010 Brazilian Symposium on},
title={Semiotic Inspection of a Game for Children with Down Syndrome},
year={2010},
month={Nov},
pages={199-210},
keywords={cognition;computer games;handicapped aids;human computer interaction;JECRIPE game;cognitive abilities;cognitive development;down syndrome;game development;human computer interaction;semiotic game inspection;Computers;Context;Games;Human computer interaction;Inspection;Pediatrics;Semiotics;Children;Communicability;Down syndrome;Game;Human-Computer Interaction;Jecripe;Semiotic Inspection},
doi={10.1109/SBGAMES.2010.24},
ISSN={2159-6654},}

@article{gestureControlled,
  title={Gesture-controlled Interfaces for People with Disabilities},
  author={Costa-Pazo, Artur and Vazquez-Fernandez, Esteban and Rivas, Carlos and G{\'o}mez, Miguel and Anido, Luis and Fern{\'a}ndez, Manuel and Valladares, Sonia}
}