@ARTICLE{bacon2014, 
author={Bacon, J. and Eyers, D. and Pasquier, T.F.J.-M. and Singh, J. and Papagiannis, I. and Pietzuch, P.}, 
journal={Network and Service Management, IEEE Transactions on}, 
title={Information Flow Control for Secure Cloud Computing}, 
year={2014}, 
month={March}, 
volume={11}, 
number={1}, 
pages={76-89}}

@INPROCEEDINGS{difc,
    author = {Andrew C. Myers and Barbara Liskov},
    title = {A Decentralized Model for Information Flow Control},
    booktitle = {In Proc. 17th ACM Symp. on Operating System Principles (SOSP)},
    year = {1997},
    pages = {129--142}
}

@INPROCEEDINGS{pixy, 
author={Jovanovic, N. and Kruegel, C. and Kirda, E.},  
title={Pixy: a static analysis tool for detecting Web application vulnerabilities},
booktitle={Security and Privacy, 2006 IEEE Symposium on},
year={2006}, 
month={May}, 
pages={6 pp.-263}}

@ARTICLE{xss,
author = {Vogt, Philipp and Nentwich, Florian and Jovanovic, Nenad and Kirda, Engin},
journal = {NDSS},
title = {{Cross Site Scripting Prevention with Dynamic Data Tainting and Static Analysis.}},
year = {2007}
}

@article{jif,
 author = {Myers, Andrew C. and Liskov, Barbara},
 title = {Protecting Privacy Using the Decentralized Label Model},
 journal = {ACM Trans. Softw. Eng. Methodol.},
 volume = {9},
 number = {4},
 month = {October},
 year = {2000},
 issn = {1049-331X},
 pages = {410--442},
}

@INPROCEEDINGS{flowcaml,
author={Simonte, V. and Rocquencourt, I.},
title={Flow Caml in a Nutshell},
booktitle = {In Proc. 1st APPSEM-II workshop},
year = {2003},
pages = {152-165} 
}

@inproceedings{resin,
 author = {Yip, Alexander and Wang, Xi and Zeldovich, Nickolai and Kaashoek, M. Frans},
 title = {Improving Application Security with Data Flow Assertions},
 booktitle = {Proceedings of the ACM SIGOPS 22Nd Symposium on Operating Systems Principles},
 series = {SOSP '09},
 year = {2009},
 isbn = {978-1-60558-752-3},
 location = {Big Sky, Montana, USA},
 pages = {291--304},
 numpages = {14},
 doi = {10.1145/1629575.1629604},
}

@INPROCEEDINGS{clamp, 
author={Parno, B. and McCune, J.M. and Wendlandt, D. and Andersen, D.G. and Perrig, A.}, 
booktitle={Security and Privacy, 2009 30th IEEE Symposium on}, 
title={CLAMP: Practical Prevention of Large-Scale Data Leaks}, 
year={2009}, 
month={May}, 
pages={154-169}, 
doi={10.1109/SP.2009.21}, 
ISSN={1081-6011},}

@inproceedings{safeweb,
  author = {Hosek, Petr and Migliavacca, Matteo and Papagiannis, Ioannis and Eyers, David M. and Evans, David and Shand, Brian and Bacon, Jean and Pietzuch, Peter},
  booktitle = {Middleware},
  isbn = {978-3-642-25820-6},
  pages = {491-511},
  publisher = {Springer},
  series = {Lecture Notes in Computer Science},
  title = {SafeWeb: A Middleware for Securing Ruby-Based Web Applications.},
  volume = {7049},
  year = {2011}
}

@article{asbestos,
 author = {Efstathopoulos, Petros and Krohn, Maxwell and VanDeBogart, Steve and Frey, Cliff and Ziegler, David and Kohler, Eddie and Mazi\`{e}res, David and Kaashoek, Frans and Morris, Robert},
 title = {Labels and Event Processes in the Asbestos Operating System},
 journal = {SIGOPS Oper. Syst. Rev.},
 volume = {39},
 number = {5},
 month = {October},
 year = {2005},
 issn = {0163-5980},
 pages = {17--30},
 numpages = {14},
}

@inproceedings{laminar,
 author = {Roy, Indrajit and Porter, Donald E. and Bond, Michael D. and McKinley, Kathryn S. and Witchel, Emmett},
 title = {Laminar: Practical Fine-grained Decentralized Information Flow Control},
 booktitle = {Proceedings of the 2009 ACM SIGPLAN Conference on Programming Language Design and Implementation},
 series = {PLDI '09},
 year = {2009},
 isbn = {978-1-60558-392-1},
 pages = {63--74},
 numpages = {12},
 doi = {10.1145/1542476.1542484},
}


@conference{defcon,
  Author = {Matteo Migliavacca and Ioannis Papagiannis and David M. Eyers and Brian Shand and Jean Bacon and Peter Pietzuch},
  Booktitle = {USENIX Annual Technical Conference (USENIX ATC{\textquoteright}10)},
  Month = {June},
  Organization = {USENIX},
  Publisher = {USENIX},
  Title = {DEFCon: High-Performance Event Processing with Information Security},
  Year = {2010}
  }

@inproceedings{jflow,
 author = {Myers, Andrew C.},
 title = {JFlow: Practical Mostly-static Information Flow Control},
 booktitle = {Proceedings of the 26th ACM SIGPLAN-SIGACT Symposium on Principles of Programming Languages},
 series = {POPL '99},
 year = {1999},
 isbn = {1-58113-095-3},
 pages = {228--241},
 numpages = {14},
 doi = {10.1145/292540.292561},
}

@inproceedings{hails,
 author = {Giffin, Daniel B. and Levy, Amit and Stefan, Deian and Terei, David and Mazi\`{e}res, David and Mitchell, John C. and Russo, Alejandro},
 title = {Hails: Protecting Data Privacy in Untrusted Web Applications},
 booktitle = {Proceedings of the 10th USENIX Conference on Operating Systems Design and Implementation},
 series = {OSDI'12},
 year = {2012},
 isbn = {978-1-931971-96-6},
 pages = {47--60},
 numpages = {14},
}

@inproceedings {pibox,
author = {Sangmin Lee and Edmund L. Wong and Deepak Goel and Mike Dahlin and Vitaly Shmatikov},
title = {πBox: A Platform for Privacy-Preserving Apps},
booktitle = {Presented as part of the 10th USENIX Symposium on Networked Systems Design and Implementation (NSDI 13)},
year = {2013},
isbn = {978-1-931971-00-3},
pages = {501--514},
publisher = {USENIX},
}

@inproceedings{taintdroid,
 author = {Enck, William and Gilbert, Peter and Chun, Byung-Gon and Cox, Landon P. and Jung, Jaeyeon and McDaniel, Patrick and Sheth, Anmol N.},
 title = {TaintDroid: An Information-flow Tracking System for Realtime Privacy Monitoring on Smartphones},
 booktitle = {Proceedings of the 9th USENIX Conference on Operating Systems Design and Implementation},
 series = {OSDI'10},
 year = {2010},
 pages = {1--6},
 numpages = {6},
 publisher = {USENIX Association},
}

@INPROCEEDINGS{sif,
    author = {Stephen Chong and K. Vikram and Andrew C. Myers},
    title = {SIF: Enforcing confidentiality and integrity in Web applications},
    booktitle = {In Proc. 16th USENIX Security},
    year = {2007}
}

@inproceedings{histar,
 author = {Zeldovich, Nickolai and Boyd-Wickizer, Silas and Kohler, Eddie and Mazi\`{e}res, David},
 title = {Making Information Flow Explicit in HiStar},
 booktitle = {Proceedings of the 7th USENIX Symposium on Operating Systems Design and Implementation - Volume 7},
 series = {OSDI '06},
 year = {2006},
 pages = {19--19},
 numpages = {1},
 publisher = {USENIX Association},
}

@inproceedings{flume,
 author = {Krohn, Maxwell and Yip, Alexander and Brodsky, Micah and Cliffer, Natan and Kaashoek, M. Frans and Kohler, Eddie and Morris, Robert},
 title = {Information Flow Control for Standard OS Abstractions},
 booktitle = {Proceedings of 21st ACM SIGOPS Symposium on Operating Systems Principles},
 series = {SOSP '07},
 year = {2007},
 isbn = {978-1-59593-591-5},
 pages = {321--334},
 numpages = {14},
 doi = {10.1145/1294261.1294293}
}

@inproceedings{nexus,
 author = {Sirer, Emin G\"{u}n and de Bruijn, Willem and Reynolds, Patrick and Shieh, Alan and Walsh, Kevin and Williams, Dan and Schneider, Fred B.},
 title = {Logical Attestation: An Authorization Architecture for Trustworthy Computing},
 booktitle = {Proceedings of the Twenty-Third ACM Symposium on Operating Systems Principles},
 series = {SOSP '11},
 year = {2011},
 isbn = {978-1-4503-0977-6},
 pages = {249--264},
 numpages = {16},
 doi = {10.1145/2043556.2043580},
 publisher = {ACM},
}

@INPROCEEDINGS{dstar,
    author = {Nickolai Zeldovich and Silas Boyd-wickizer and David Mazières},
    title = {Securing distributed systems with information flow control},
    booktitle = {In Proceedings of the 7th Symposium on Operating Systems Design and Implementation (OSDI},
    year = {2006},
    pages = {263--278}
}

@inproceedings {pebbles,
author = {Riley Spahn and Jonathan Bell and Michael Lee and Sravan Bhamidipati and Roxana Geambasu and Gail Kaiser},
title = {Pebbles: Fine-Grained Data Management Abstractions for Modern Operating Systems},
booktitle = {11th USENIX Symposium on Operating Systems Design and Implementation (OSDI 14)},
year = {2014},
month = {Oct},
isbn = {978-1-931971-16-4},
pages = {113--129},
publisher = {USENIX Association},
}

@inproceedings{taj,
 author = {Tripp, Omer and Pistoia, Marco and Fink, Stephen J. and Sridharan, Manu and Weisman, Omri},
 title = {TAJ: Effective Taint Analysis of Web Applications},
 booktitle = {Proceedings of the 2009 ACM SIGPLAN Conference on Programming Language Design and Implementation},
 series = {PLDI '09},
 year = {2009},
 isbn = {978-1-60558-392-1},
 pages = {87--97},
 numpages = {11},
 doi = {10.1145/1542476.1542486},
 publisher = {ACM},
}

@article{vex,
 author = {Bandhakavi, Sruthi and Tiku, Nandit and Pittman, Wyatt and King, Samuel T. and Madhusudan, P. and Winslett, Marianne},
 title = {Vetting Browser Extensions for Security Vulnerabilities with VEX},
 journal = {Commun. ACM},
 volume = {54},
 number = {9},
 month = {September},
 year = {2011},
 issn = {0001-0782},
 pages = {91--99},
 numpages = {9},
 doi = {10.1145/1995376.1995398},
 publisher = {ACM},
}

@book{erlang,
 author = {Armstrong, Joe},
 title = {Programming Erlang: Software for a Concurrent World},
 year = {2007},
 isbn = {193435600X, 9781934356005},
 publisher = {Pragmatic Bookshelf},
}

@inproceedings{haskell,
 author = {Hudak, Paul and Hughes, John and Peyton Jones, Simon and Wadler, Philip},
 title = {A History of Haskell: Being Lazy with Class},
 booktitle = {Proceedings of the Third ACM SIGPLAN Conference on History of Programming Languages},
 series = {HOPL III},
 year = {2007},
 isbn = {978-1-59593-766-7},
 pages = {12-1--12-55},
 doi = {10.1145/1238844.1238856},
 publisher = {ACM},
}

@article{payne,
 author = {Payne, Bryan D. and Sailer, Reiner and C\'{a}ceres, Ram\'{o}n and Perez, Ron and Lee, Wenke},
 title = {A Layered Approach to Simplified Access Control in Virtualized Systems},
 journal = {SIGOPS Oper. Syst. Rev.},
 volume = {41},
 number = {4},
 month = {July},
 year = {2007},
 issn = {0163-5980},
 pages = {12--19},
 numpages = {8},
 doi = {10.1145/1278901.1278905},
 publisher = {ACM},
}

@inproceedings{phpaspis,
 author = {Papagiannis, Ioannis and Migliavacca, Matteo and Pietzuch, Peter},
 title = {PHP Aspis: Using Partial Taint Tracking to Protect Against Injection Attacks},
 booktitle = {Proceedings of the 2nd USENIX Conference on Web Application Development},
 series = {WebApps'11},
 year = {2011},
 pages = {2--2},
 numpages = {1},
 acmid = {2002170},
 publisher = {USENIX Association},
}

@inproceedings{mockdroid,
 author = {Beresford, Alastair R. and Rice, Andrew and Skehin, Nicholas and Sohan, Ripduman},
 title = {MockDroid: Trading Privacy for Application Functionality on Smartphones},
 booktitle = {Proceedings of the 12th Workshop on Mobile Computing Systems and Applications},
 series = {HotMobile '11},
 year = {2011},
 isbn = {978-1-4503-0649-2},
 pages = {49--54},
 numpages = {6},
 doi = {10.1145/2184489.2184500},
 publisher = {ACM},
}

@inproceedings{implicitflows,
 author = {King, Dave and Hicks, Boniface and Hicks, Michael and Jaeger, Trent},
 title = {Implicit Flows: Can'T Live with `Em, Can'T Live Without `Em},
 booktitle = {Proceedings of the 4th International Conference on Information Systems Security},
 series = {ICISS '08},
 year = {2008},
 isbn = {978-3-540-89861-0},
 pages = {56--70},
 numpages = {15},
 doi = {10.1007/978-3-540-89862-7_4},
 publisher = {Springer-Verlag},
}

@INPROCEEDINGS{rifle, 
author={Vachharajani, N. and Bridges, M.J. and Chang, J. and Rangan, R. and Ottoni, G. and Blome, J.A. and Reis, G.A. and Vachharajani, M. and August, D.I.}, 
booktitle={Microarchitecture, 2004. MICRO-37 2004. 37th International Symposium on}, 
title={RIFLE: An Architectural Framework for User-Centric Information-Flow Security}, 
year={2004}, 
month={Dec}, 
pages={243-254},
doi={10.1109/MICRO.2004.31}, 
ISSN={1072-4451},}

@ONLINE{mojave2014,
author = {Smith, Ryan},
title = {Mobile Ad Libraries Create Major Risk for Enterprise Data},
month = {June},
year = {2014},
url = {http://blog.mojave.net/2014/06/02/mobile-ad-libraries-create-major-risk-for-enterprise-data/}
}

@article{aop,
 author = {Kiczales, G.},
 title = {Aspect-oriented Programming},
 journal = {ACM Comput. Surv.},
 issue_date = {Dec. 1996},
 volume = {28},
 number = {4es},
 month = {Dec},
 year = {1996},
 issn = {0360-0300},
 articleno = {154},
 url = {http://www.cs.ubc.ca/~gregor/papers/kiczales-ECOOP1997-AOP.pdf},
 doi = {10.1145/242224.242420},
 acmid = {242420},
 publisher = {ACM},
 address = {New York, NY, USA},
} 

@inproceedings{aurasium,
 author = {Xu, R. and Sa\"{\i}di, H. and Anderson, R.},
 title = {Aurasium: Practical Policy Enforcement for Android Applications},
 booktitle = {Proceedings of the 21st USENIX Conference on Security Symposium},
 series = {Security'12},
 year = {2012},
 location = {Bellevue, WA},
 url = {http://dl.acm.org/citation.cfm?id=2362793.2362820},
 publisher = {USENIX Association},
 address = {Berkeley, CA, USA},
} 

@article{flowdroid,
 author = {Arzt, S. and Rasthofer, S. and Fritz, C. and Bodden, E. and Bartel, A. and Klein, J. and Le Traon, Y. and Octeau, D. and McDaniel, P.},
 title = {FlowDroid: Precise Context, Flow, Field, Object-sensitive and Lifecycle-aware Taint Analysis for Android Apps},
 journal = {SIGPLAN Not.},
 issue_date = {June 2014},
 volume = {49},
 number = {6},
 month = jun,
 year = {2014},
 issn = {0362-1340},
 pages = {259--269},
 numpages = {11},
 url = {http://doi.acm.org/10.1145/2666356.2594299},
 doi = {10.1145/2666356.2594299},
 acmid = {2594299},
 publisher = {ACM},
 address = {New York, NY, USA},
} 


